% Aqui va la bibliograf√≠a del documento